@book{finch2003mathematical,
  title={Mathematical constants},
  author={Finch, Steven R},
  year={2003},
  publisher={Cambridge university press}
}

@article{capell1970knock,
  title={On knock-out tournaments},
  author={Capell, P and Narayanan, TV},
  journal={Canadian Mathematical Bulletin},
  volume={13},
  number={1},
  pages={105--109},
  year={1970},
  publisher={Cambridge University Press}
}

@article{emerson2006family,
  title={A Family of Meta-Fibonacci Sequences Defined by Variable-Order Recursions},
  author={Emerson, Nathaniel D},
  journal={Journal of Integer Sequences},
  volume={9},
  number={2},
  pages={3},
  year={2006}
}

@article{miles1960generalized,
  title={Generalized Fibonacci numbers and associated matrices},
  author={Miles, EP},
  journal={The American Mathematical Monthly},
  volume={67},
  number={8},
  pages={745--752},
  year={1960},
  publisher={Taylor \& Francis}
}

@misc{oeis,
  title = {{The On-Line Encyclopedia of Integer Sequences}},
  author = {{OEIS Foundation Inc.}},
  howpublished = {\url{http://oeis.org}},
}
